@INPROCEEDINGS{HolmbackaHipeac,
  title = {Performance Monitor Based Power Management for big.LITTLE Platforms},
  booktitle = {Workshop on Energy Efficiency with Heterogeneous Computing},
  author = {Holmbacka, Simon and Lafond, Sébastien and Lilius, Johan},
  editor = {Nikolopoulos, Dimitrios and Nunez-Yanez, Jose-Luis},
  publisher = {HiPEAC},
  pages = {1 – 6},
  year = {2015},
}

@INPROCEEDINGS{HolmbackaDasip,
  title = {Energy Efficiency and Performance Management of Parallel Dataflow Applications},
  booktitle = {The 2014 Conference on Design \& Architectures for Signal \& Image Processing},
  author = {Holmbacka, Simon and Nogues, Erwan and Pelcat, Maxime and Lafond, Sébastien and Lilius, Johan},
  editor = {Pinzari, Ana and Morawiec, Adam},
  publisher = {ECDI Electronic Chips \& Systems design initiative},
  pages = {1 – 8},
  year = {2014},
  ISSN = {2164-9766},
}

@TECHREPORT{HolmbackaTechrep,
  title = {Energy and Power Management, Measurement and Analysis for Multi-Core Processors},
  author = {Holmbacka, Simon and H\"{a}llis, Fredric and Lund, Wictor and Lafond, S\'{e}bastien and Lilius, Johan},
  number = {1117},
  series = {TUCS Technical Reports},
  publisher = {TUCS},
  year = {2014},
  keywords = { Power, Energy, Measurements, Multi-Core, Benchmark, Model-based run-time},
  ISBN = { 978-952-12-3087-5},
}

@misc{CPUCapacity,
author = {Rob Triggs}, 
title = {How far we've come: a look at smartphone performance over the past 7 years},
year = {2015},
month = {July},
url = {http://www.androidauthority.com/smartphone-performance-improvements-timeline-626109/}
}

@misc{BatteryCapacity,
author = {{Epec Engineered Technologies}}, 
title = {New Battery Technology Developments},
year = {2015},
month = {May},
url = {http://www.slideshare.net/epectec/new-battery-trends}
}